@BOOK{DUMMY:1,
AUTHOR="Internet",
TITLE="http://www.iforce2d.net/b2dtut/",
PUBLISHER="",
YEAR="",
}

@BOOK{DUMMY:2,
AUTHOR="Internet",
TITLE="http://www.box2d.org/manual.html",
PUBLISHER="",
YEAR="",
}

@BOOK{DUMMY:3,
AUTHOR="Youtube",
TITLE="https://www.youtube.com/watch?v=FZJOaY6Xh7Y",
PUBLISHER="",
YEAR="",
}

@BOOK{DUMMY:4,
AUTHOR="Youtube",
TITLE="https://www.youtube.com/watch?v=FZJOaY6Xh7Y",
PUBLISHER="",
YEAR="",
}

@BOOK{DUMMY:5,
AUTHOR="Youtube",
TITLE="https://www.youtube.com/watch?v=ykhnhoQEkXg",
PUBLISHER="",
YEAR="",
}

@BOOK{DUMMY:6,
AUTHOR="Youtube",
TITLE="https://www.youtube.com/watch?v=8kZRpouZ3OQ",
PUBLISHER="",
YEAR="",
}







